@article{Gal63,
	title={Low-Density Parity-Check Codes},
	author={Gallager, R.G},
	journal={MA: MIT Press},
	year={1963},
	publisher={MA}
}

@article{Ber93,
	title={Near Shannon limit error-corecting
	coding and decoding},
	author={Berrou, C.; Glavieux, A.; Thitimajshima, P.},
	journal={Proc. IEEE Intern. Conf. on Communications},
	year={1993}
}

@article{Sha48,
	title={A Mathematical Theory of Communication. },
	author={Shannon, C.E.},
	journal={Bell System Technical
	Journal},
	year={1948}
}

@article{Mac96,
	title={Near Shannon limit performance of low density
	parity check codes},
	author={MacKay, D.J.C.; Neal, R.M.},
	journal={Electron. Letters},
	year={1996}
}