@inproceedings{CommunicationsStatistics2020,
    title={Communications
    Statistics 2020},
    author={Project. Co},
    booktitle={Communications statistics 2020},
    pages={9},
    year={2020}
}
